<record><leader>00000cas a22000007a 4500</leader><controlfield tag="001">17965837</controlfield><controlfield tag="008">880517d19uu1955msuwr ne      0    0eng d</controlfield><datafield ind1=" " ind2=" " tag="010"><subfield code="a">sn 88067146 </subfield></datafield><datafield ind1=" " ind2=" " tag="040"><subfield code="a">MSJ</subfield><subfield code="b">eng</subfield><subfield code="c">MSJ</subfield><subfield code="d">OCLCQ</subfield></datafield><datafield ind1=" " ind2=" " tag="042"><subfield code="a">msc</subfield></datafield><datafield ind1="0" ind2=" " tag="130"><subfield code="a">Weekly news (Baldwyn, Miss.)</subfield></datafield><datafield ind1="1" ind2="4" tag="245"><subfield code="a">The Weekly news.</subfield></datafield><datafield ind1=" " ind2=" " tag="260"><subfield code="a">Baldwyn, Miss. :</subfield><subfield code="b">Roger E. Walker,</subfield><subfield code="c">-1955.</subfield></datafield><datafield ind1=" " ind2=" " tag="310"><subfield code="a">Weekly</subfield></datafield><datafield ind1="0" ind2=" " tag="362"><subfield code="a">-v. 16, no. 8 (Mar. 10, 1955).</subfield></datafield><datafield ind1=" " ind2=" " tag="588"><subfield code="a">Description based on: Vol. 8, no. 15 (May 1, 1947).</subfield></datafield><datafield ind1=" " ind2=" " tag="752"><subfield code="a">United States</subfield><subfield code="b">Mississippi</subfield><subfield code="c">Lee</subfield><subfield code="d">Baldwyn.</subfield></datafield><datafield ind1=" " ind2=" " tag="752"><subfield code="a">United States</subfield><subfield code="b">Mississippi</subfield><subfield code="c">Prentiss</subfield><subfield code="d">Baldwyn.</subfield></datafield><datafield ind1="0" ind2="0" tag="785"><subfield code="t">Baldwyn weekly news</subfield><subfield code="w">(OCoLC)17965773</subfield></datafield></record>